<?xml version="1.0" encoding="UTF-8"?><record xmlns="http://www.loc.gov/MARC21/slim" xmlns:cinclude="http://apache.org/cocoon/include/1.0" xmlns:zs="http://www.loc.gov/zing/srw/">
  <leader>00369nz  a2200121n  4500</leader>
  <controlfield tag="001">nb 99054939 </controlfield>
  <controlfield tag="003">DLC</controlfield>
  <controlfield tag="005">20010420064107.0</controlfield>
  <controlfield tag="008">990628n| acannaabn          |n aaa      </controlfield>
  <datafield tag="010" ind1=" " ind2=" ">
    <subfield code="a">nb 99054939 </subfield>
  </datafield>
  <datafield tag="040" ind1=" " ind2=" ">
    <subfield code="a">Uk</subfield>
    <subfield code="b">eng</subfield>
    <subfield code="c">Uk</subfield>
  </datafield>
  <datafield tag="100" ind1="1" ind2="0">
    <subfield code="a">Altham, Keith</subfield>
  </datafield>
  <datafield tag="670" ind1=" " ind2=" ">
    <subfield code="a">No more Mr Nice Guy!, 1999:</subfield>
    <subfield code="b">cover (Keith Altham) jkt. (press agent, journalist &amp; broadcaster in the music industry)</subfield>
  </datafield>
</record>